<collection xmlns="http://www.loc.gov/MARC21/slim">
<record>
  <leader>00854nam0a22002171i 450 </leader>
  <controlfield tag="001">IT\ICCU\CNCE\055756</controlfield>
  <controlfield tag="005">20040217000000.0</controlfield>
  <datafield tag="100" ind1=" " ind2=" ">
    <subfield code="a">20040217d1511        0itac0103    ba</subfield>
  </datafield>
  <datafield tag="101" ind1=" " ind2=" ">
    <subfield code="a">LAT</subfield>
  </datafield>
  <datafield tag="102" ind1=" " ind2=" ">
    <subfield code="a">IT</subfield>
  </datafield>
  <datafield tag="200" ind1="1" ind2=" ">
    <subfield code="a">Officium ordinarium b. Mariae Virginis</subfield>
  </datafield>
  <datafield tag="210" ind1=" " ind2=" ">
    <subfield code="a">Venezia</subfield>
    <subfield code="c">Bernardino Stagnino il vecchio</subfield>
    <subfield code="d">1511</subfield>
  </datafield>
  <datafield tag="215" ind1=" " ind2=" ">
    <subfield code="a">8ʻ</subfield>
  </datafield>
  <datafield tag="620" ind1=" " ind2=" ">
    <subfield code="a">IT</subfield>
    <subfield code="d">Venezia</subfield>
  </datafield>
  <datafield tag="710" ind1="0" ind2="2">
    <subfield code="a">Chiesa cattolica</subfield>
    <subfield code="3">6731</subfield>
  </datafield>
  <datafield tag="712" ind1="0" ind2="0">
    <subfield code="a">Stagnino, Bernardino</subfield>
    <subfield code="c"> &lt;1.&gt;</subfield>
    <subfield code="3">IT\ICCU\CNCT\000489</subfield>
    <subfield code="4">650</subfield>
  </datafield>
  <datafield tag="791" ind1="0" ind2="2">
    <subfield code="a">Bernardinus de Tridino</subfield>
    <subfield code="3">IT\ICCU\CNCT\003611</subfield>
    <subfield code="z">Stagnino, Bernardino &lt;1.&gt;</subfield>
  </datafield>
  <datafield tag="791" ind1="0" ind2="0">
    <subfield code="a">Tridino, Bernardinus de</subfield>
    <subfield code="3">IT\ICCU\CNCT\003612</subfield>
    <subfield code="z">Stagnino, Bernardino &lt;1.&gt;</subfield>
  </datafield>
  <datafield tag="791" ind1="0" ind2="0">
    <subfield code="a">Iolitus de Ferrariis, Bernardinus</subfield>
    <subfield code="3">IT\ICCU\CNCT\005735</subfield>
    <subfield code="z">Stagnino, Bernardino &lt;1.&gt;</subfield>
  </datafield>
  <datafield tag="791" ind1="0" ind2="0">
    <subfield code="a">Stagninus, Bernardinus</subfield>
    <subfield code="c"> &lt;1.&gt;</subfield>
    <subfield code="3">IT\ICCU\CNCT\005736</subfield>
    <subfield code="z">Stagnino, Bernardino &lt;1.&gt;</subfield>
  </datafield>
  <datafield tag="801" ind1=" " ind2="3">
    <subfield code="a">IT</subfield>
    <subfield code="b">ICCU</subfield>
    <subfield code="c">20201115</subfield>
  </datafield>
</record>
</collection>
